<?xml version="1.0" encoding="UTF-8"?><collection xmlns="http://www.loc.gov/MARC21/slim"><record><leader>00523nam--2200193-i-4500</leader><controlfield tag="001">000040576</controlfield><controlfield tag="002">20161230</controlfield><controlfield tag="005">20161230201042</controlfield><controlfield tag="008">060222s1000------------r-----000-0-eng-d</controlfield><datafield ind1=" " ind2=" " tag="040"><subfield code="a">IFIN-HH</subfield></datafield><datafield ind1=" " ind2=" " tag="080"><subfield code="a">621.37</subfield></datafield><datafield ind1="1" ind2=" " tag="100"><subfield code="a">Schelkunoff, S.A</subfield></datafield><datafield ind1="1" ind2="0" tag="245"><subfield code="a">Electromagnetic waves</subfield><subfield code="c">S.a. schelkunoff</subfield></datafield><datafield ind1=" " ind2=" " tag="250"><subfield code="a">Sixth Revision</subfield></datafield><datafield ind1=" " ind2=" " tag="260"><subfield code="a">New York</subfield><subfield code="b">D.Van Nostrand</subfield><subfield code="c">1948</subfield></datafield><datafield ind1=" " ind2=" " tag="300"><subfield code="a">XV + 530P</subfield></datafield><datafield ind1=" " ind2=" " tag="490"><subfield code="a">The Bell Telephone Laboratoires Series</subfield></datafield><datafield ind1=" " ind2=" " tag="852"><subfield code="a">1768</subfield><subfield code="c">621.371:621.396.67</subfield></datafield><datafield ind1=" " ind2=" " tag="CAT"><subfield code="a">Sys</subfield><subfield code="c">20141028</subfield><subfield code="h">165620</subfield></datafield></record></collection>